<record><leader>00000cas a2200000 a 4500</leader><controlfield tag="001">30636670</controlfield><controlfield tag="007">hd afu---baca</controlfield><controlfield tag="008">940621d19021922nbucr nea     0    0eng c</controlfield><datafield ind1=" " ind2=" " tag="010"><subfield code="a">sn 94055308 </subfield></datafield><datafield ind1=" " ind2=" " tag="040"><subfield code="a">NVG</subfield><subfield code="b">eng</subfield><subfield code="c">NVG</subfield><subfield code="d">OCLCQ</subfield><subfield code="d">OCLCF</subfield><subfield code="d">OCLCO</subfield></datafield><datafield ind1="1" ind2=" " tag="029"><subfield code="a">AU@</subfield><subfield code="b">000025890557</subfield></datafield><datafield ind1=" " ind2=" " tag="042"><subfield code="a">pcc</subfield></datafield><datafield ind1=" " ind2=" " tag="043"><subfield code="a">n-us-nb</subfield></datafield><datafield ind1="0" ind2=" " tag="130"><subfield code="a">Alliance herald (Alliance, Neb.)</subfield></datafield><datafield ind1="1" ind2="4" tag="245"><subfield code="a">The Alliance herald</subfield><subfield code="h">[microform].</subfield></datafield><datafield ind1="1" ind2="3" tag="246"><subfield code="a">Herald</subfield></datafield><datafield ind1=" " ind2=" " tag="260"><subfield code="a">Alliance, Neb. :</subfield><subfield code="b">T.J. O'Keefe,</subfield><subfield code="c">1902-1922.</subfield></datafield><datafield ind1=" " ind2=" " tag="300"><subfield code="a">21 v.</subfield></datafield><datafield ind1=" " ind2=" " tag="310"><subfield code="a">Semiweekly,</subfield><subfield code="b">Dec. 2, 1919-June 30, 1922</subfield></datafield><datafield ind1=" " ind2=" " tag="321"><subfield code="a">Weekly,</subfield><subfield code="b">Feb. 21, 1902-Nov. 27, 1919</subfield></datafield><datafield ind1="0" ind2=" " tag="362"><subfield code="a">Vol. 9, no. 8 (Feb. 21, 1902)-v. 29, no. 62 (June 30, 1922).</subfield></datafield><datafield ind1=" " ind2=" " tag="580"><subfield code="a">Merged with: Alliance semi-weekly times, to form: Alliance semi-weekly times and Alliance herald.</subfield></datafield><datafield ind1=" " ind2=" " tag="533"><subfield code="a">Microfilm.</subfield><subfield code="b">Wooster, Ohio :</subfield><subfield code="c">Bell &amp; Howell.</subfield><subfield code="e">9 microfilm reels ; 35 mm.</subfield></datafield><datafield ind1=" " ind2="0" tag="651"><subfield code="a">Box Butte County (Neb.)</subfield><subfield code="v">Newspapers.</subfield></datafield><datafield ind1=" " ind2="7" tag="655"><subfield code="a">Newspapers.</subfield><subfield code="2">fast</subfield><subfield code="0">(OCoLC)fst01423814</subfield></datafield><datafield ind1=" " ind2="7" tag="651"><subfield code="a">Nebraska</subfield><subfield code="z">Box Butte County.</subfield><subfield code="2">fast</subfield><subfield code="0">(OCoLC)fst01210955</subfield></datafield><datafield ind1=" " ind2=" " tag="752"><subfield code="a">United States</subfield><subfield code="b">Nebraska</subfield><subfield code="c">Box Butte</subfield><subfield code="d">Alliance.</subfield></datafield><datafield ind1="0" ind2="0" tag="780"><subfield code="t">Hemingford herald</subfield><subfield code="w">(DLC)sn 94055309</subfield></datafield><datafield ind1="0" ind2="5" tag="780"><subfield code="t">Journal (Hemingford, Neb.)</subfield><subfield code="w">(DLC)sn 95073312</subfield></datafield><datafield ind1="0" ind2="6" tag="780"><subfield code="t">Pioneer grip</subfield><subfield code="w">(DLC)sn 94055341</subfield></datafield><datafield ind1="1" ind2="7" tag="785"><subfield code="t">Alliance semi-weekly times</subfield><subfield code="w">(DLC)sn 94055315</subfield></datafield><datafield ind1="1" ind2="7" tag="785"><subfield code="t">Alliance semi-weekly times and the Alliance herald</subfield><subfield code="w">(DLC)sn 94055313</subfield></datafield></record>